<record><leader>00000cas a2200000 a 4500</leader><controlfield tag="001">11102334</controlfield><controlfield tag="008">840829d18921893ksuwr ne      0   a0eng d</controlfield><datafield ind1=" " ind2=" " tag="010"><subfield code="a">sn 84029373 </subfield></datafield><datafield ind1=" " ind2=" " tag="040"><subfield code="a">KSH</subfield><subfield code="b">eng</subfield><subfield code="c">KSH</subfield><subfield code="d">NPT</subfield><subfield code="d">OCL</subfield><subfield code="d">OCLCQ</subfield></datafield><datafield ind1=" " ind2=" " tag="042"><subfield code="a">msc</subfield></datafield><datafield ind1="0" ind2="4" tag="245"><subfield code="a">The Abilene monitor.</subfield></datafield><datafield ind1=" " ind2=" " tag="260"><subfield code="a">Abilene, Kan. :</subfield><subfield code="b">Anderson &amp; Phillips,</subfield><subfield code="c">1892-1893.</subfield></datafield><datafield ind1=" " ind2=" " tag="300"><subfield code="a">2 v. :</subfield><subfield code="b">ill. ;</subfield><subfield code="c">60 cm.</subfield></datafield><datafield ind1=" " ind2=" " tag="310"><subfield code="a">Weekly</subfield></datafield><datafield ind1="0" ind2=" " tag="362"><subfield code="a">Vol. 2, no. 25 (Jan. 14, 1892)-v. 4, no. 9 (Sept. 21, 1893).</subfield></datafield><datafield ind1=" " ind2=" " tag="500"><subfield code="a">Publisher varies.</subfield></datafield><datafield ind1=" " ind2=" " tag="550"><subfield code="a">"Official county paper of the Peoples Party, F.A. &amp; I.U., K. of L. &amp; C.A."</subfield></datafield><datafield ind1=" " ind2=" " tag="752"><subfield code="a">United States</subfield><subfield code="b">Kansas</subfield><subfield code="c">Dickinson</subfield><subfield code="d">Abilene.</subfield></datafield><datafield ind1="0" ind2="0" tag="780"><subfield code="t">Alliance monitor</subfield><subfield code="w">(DLC)sn 84029372</subfield></datafield><datafield ind1="0" ind2="7" tag="785"><subfield code="t">Abilene herald</subfield><subfield code="w">(DLC)sn 84029369</subfield></datafield><datafield ind1="0" ind2="7" tag="785"><subfield code="t">Abilene monitor-herald</subfield><subfield code="w">(DLC)sn 84029374</subfield></datafield></record>